<?xml version="1.0" encoding="UTF-8"?><collection xmlns="http://www.loc.gov/MARC21/slim"><record><leader>00413nam--2200157-i-4500</leader><controlfield tag="001">000027324</controlfield><controlfield tag="002">20161230</controlfield><controlfield tag="005">20161230201036</controlfield><controlfield tag="008">060222s1000------------r-----000-0-eng-d</controlfield><datafield ind1=" " ind2=" " tag="080"><subfield code="a">519.21(043)</subfield></datafield><datafield ind1=" " ind2=" " tag="100"><subfield code="a">Kopocinska, Ilona</subfield></datafield><datafield ind1=" " ind2=" " tag="245"><subfield code="a">The repairman problem</subfield></datafield><datafield ind1=" " ind2=" " tag="260"><subfield code="a">Warszawa, Panstwowe Wydawnictwo Naukove, 1973. 56p</subfield></datafield><datafield ind1=" " ind2=" " tag="490"><subfield code="a">Dissert.Math</subfield><subfield code="v">Vol. CI</subfield></datafield><datafield ind1=" " ind2=" " tag="852"><subfield code="a">7385</subfield></datafield><datafield ind1=" " ind2=" " tag="CAT"><subfield code="a">Sys</subfield><subfield code="c">20080327</subfield><subfield code="h">085850</subfield></datafield></record></collection>